@Article{,
author = {Gerhard de Koning Gans, Jaap-Henk Hoepman, Flavio D. Garcia},
title = {A Practical Attack on the MIFARE Classic},
journal = {},
year = {},
OPTkey = {},
OPTvolume = {},
OPTnumber = {},
OPTpages = {},
OPTmonth = {},
OPTnote = {},
OPTannote = {}
}
