@ARTICLE{hellman,
	author={ Hellman, M.},
	journal={Information Theory, IEEE Transactions on}, title={A cryptanalytic time-memory trade-off},
	year={1980},
	month={jul},
	volume={26},
	number={4},
	pages={ 401 - 406},
	keywords={ Cryptography;},
	doi={},
	ISSN={0018-9448},
}

@inproceedings{oechslin,
	author = {Philippe Oechslin},
	title = {Making A Faster Cryptanalytic Time-Memory Trade-Off},
	booktitle = {Advances in Cryptology - CRYPTO 2003},
	year = {2003},
	pages = {617--630},
}

@inproceedings{nordic09,
	author = {Gregers Mogensen},
	title = {Travel card in Denmark, Concept and Status},
	journal = {Nordic 09 Ticketing},
	year = {2009},
	url = {http://www.arcontia.se/assets/documents/nordicticketingpres/Rejsekort.pdf},
}

@misc{darkside,
    author = {Nicolas T. Courtois},
    title = {The Dark Side of Security by Obscurity and Cloning MiFare Classic Rail and Building Passes Anywhere, Anytime},
    howpublished = {Cryptology ePrint Archive, Report 2009/137},
    year = {2009},
    note = {\url{http://eprint.iacr.org/}},
}

@Unpublished{rkf0020,
	author = {Resekortforeningen i Norden},
	title = {RKF Travel Card Requirements Specification},
	note = {Can be found on the CD enclosed with this thesis.},
	year = {2001}
}

@inproceedings{dismantlingmfc,
	 author = {Garcia, Flavio D. and Koning Gans, Gerhard and Muijrers, Ruben and Rossum, Peter and Verdult, Roel and Schreur, Ronny Wichers and Jacobs, Bart},
	 title = {Dismantling MIFARE Classic},
	 booktitle = {ESORICS '08: Proceedings of the 13th European Symposium on Research in Computer Security},
	 year = {2008},
	 isbn = {978-3-540-88312-8},
	 pages = {97--114},
	 location = {M\'{a}laga, Spain},
	 doi = {http://dx.doi.org/10.1007/978-3-540-88313-5_7},
	 publisher = {Springer-Verlag},
	 address = {Berlin, Heidelberg},
 }

 @misc{ wp:3des,
   author = "Wikipedia",
   title = "Triple DES --- Wikipedia{,} The Free Encyclopedia",
   year = "2010",
   url = "http://en.wikipedia.org/w/index.php?title=Triple_DES&oldid=365029270",
   note = "[Online; accessed 31-May-2010]"
 }
